@online{wget,
  title = {GNU WGet 1.24.5 Manual},
  url = {https://www.gnu.org/software/wget/manual/wget.html#Relative-Links},
}
@inproceedings{flare-dns,
  author = {Ppallan, Jamsheed Manja and Arunachalam, Karthikeyan and Jaiswal,
            Sweta and Sabareesh, Dronamraju Siva and Seo, Sungki and
            Kanagarathinam, Madhan Raj},
  booktitle = {2019 16th IEEE Annual Consumer Communications \& Networking
               Conference (CCNC)},
  title = {Flare-DNS Resolver (FDR) for optimizing DNS lookup overhead in mobile
           devices},
  year = {2019},
  volume = {},
  number = {},
  pages = {1-7},
  keywords = {Servers;Protocols;Delays;Loading;Sockets;Smart phones;Conferences},
  doi = {10.1109/CCNC.2019.8651739},
}
@inproceedings{codns,
  title = {CoDNS: Improving DNS Performance and Reliability via Cooperative
           Lookups},
  author = {KyoungSoo Park and Vivek S. Pai and Larry L. Peterson and Zhe Wang},
  booktitle = {USENIX Symposium on Operating Systems Design and Implementation},
  year = {2004},
  url = {https://api.semanticscholar.org/CorpusID:569380},
}
@misc{dns-over-https,
  title = {An Empirical Study of the Cost of DNS-over-HTTPS},
  author = {Timm Boettger and Felix Cuadrado and Gianni Antichi and Eder Leao
            Fernandes and Gareth Tyson and Ignacio Castro and Steve Uhlig},
  year = {2019},
  eprint = {1909.06192},
  archivePrefix = {arXiv},
  primaryClass = {cs.NI},
  url = {https://arxiv.org/abs/1909.06192},
}
@misc{dns-measurement,
  title = {Measuring the Availability and Response Times of Public Encrypted DNS
           Resolvers},
  author = {Ranya Sharma and Nick Feamster and Austin Hounsel},
  year = {2022},
  eprint = {2208.04999},
  archivePrefix = {arXiv},
  primaryClass = {cs.CR},
  url = {https://arxiv.org/abs/2208.04999},
}