@article{mockapetris1983dns,
  title={Domain namesâ€”concepts and facilities},
  author={Mockapetris, Paul},
  journal={RFC 882},
  year={1983},
  publisher={RFC Editor}
}

@inproceedings{eastlake1999dns,
  title={Domain name system security extensions},
  author={Eastlake, Donald and Kaufman, Charlie},
  booktitle={Proceedings of the Internet Society Symposium on Network and Distributed System Security},
  year={1999},
  pages={241--254}
}

@article{jiang2014dnssec,
  title={DNSSEC and its potential for IoT security},
  author={Jiang, Shiying and Heidemann, John},
  journal={International Journal of Internet Protocol Technology},
  year={2014},
  volume={9},
  number={2},
  pages={86--99}
}

@article{arends2005dnssec,
  title={DNS Security Introduction and Requirements},
  author={Arends, Rob and Austein, Rob and Larson, Matt and Massey, Dan and Rose, Scott},
  journal={RFC 4033},
  year={2005},
  publisher={RFC Editor}
}

@ARTICLE{8653281,
  author={Yan, Zhiwei and Li, Hongtao and Zeadally, Sherali and Zeng, Yu and Geng, Guanggang},
  journal={IEEE Access}, 
  title={Is DNS Ready for Ubiquitous Internet of Things?}, 
  year={2019},
  volume={7},
  number={},
  pages={28835-28846},
  keywords={Internet of Things;Protocols;Servers;Security;IP networks;Smart cities;DNS;TCP/IP;Internet;IoT;name service},
  doi={10.1109/ACCESS.2019.2901801}
}

@misc{polo-2022,
	author = {Polo, Gustavo},
	month = {7},
	title = {{The challenges of deploying DNSSEC}},
	year = {2022},
	url = {https://authenticweb.com/domains-dns-and-tls-certificates/the-challenges-of-deploying-dnssec/},
}

@MISC{cloudflare,
  booktitle    = "Cloudflare.com",
  howpublished = "\url{https://radar.cloudflare.com/}",
  note         = "Accessed: 2024-11-18"
}

@online{wget,
	title = {GNU WGet 1.24.5 Manual},
	url = {https://www.gnu.org/software/wget/manual/wget.html#Relative-Links},
}